<?xml version="1.0" encoding="UTF-8"?><collection xmlns="http://www.loc.gov/MARC21/slim"><record><leader>00447nam--2200169-u-4500</leader><controlfield tag="001">000056629</controlfield><controlfield tag="002">20161230</controlfield><controlfield tag="005">20161230201052</controlfield><controlfield tag="008">160404s1000------------r-----000-0-eng-d</controlfield><datafield ind1=" " ind2=" " tag="040"><subfield code="a">IFIN-HH</subfield></datafield><datafield ind1=" " ind2=" " tag="080"><subfield code="a">523</subfield></datafield><datafield ind1="1" ind2=" " tag="100"><subfield code="a">Jose, Jordi</subfield></datafield><datafield ind1="1" ind2="0" tag="245"><subfield code="a">Stellar Explosions: Hydrodynamics and Nucleosynthesis</subfield><subfield code="c">Jordi Jose</subfield></datafield><datafield ind1=" " ind2=" " tag="260"><subfield code="a">Boca Raton</subfield><subfield code="b">CRC Press</subfield><subfield code="c">2016</subfield></datafield><datafield ind1=" " ind2=" " tag="300"><subfield code="a">xix+452p</subfield></datafield><datafield ind1=" " ind2=" " tag="490"><subfield code="a">Series in Astronomy and Astrophysics</subfield></datafield><datafield ind1=" " ind2=" " tag="852"><subfield code="a">82435</subfield></datafield></record></collection>